[gd_scene load_steps=2 format=2]

[ext_resource path="res://UI/Ctrl_Build_UI.gd" type="Script" id=1]

[node name="Ctrl_Build_UI" type="Control"]

anchor_left = 0.0
anchor_top = 0.0
anchor_right = 0.0
anchor_bottom = 0.0
margin_right = 40.0
margin_bottom = 40.0
rect_pivot_offset = Vector2( 0, 0 )
rect_clip_content = false
mouse_filter = 0
mouse_default_cursor_shape = 0
size_flags_horizontal = 1
size_flags_vertical = 1
script = ExtResource( 1 )

[node name="CBuildMenu" type="Panel" parent="." index="0"]

anchor_left = 0.0
anchor_top = 0.0
anchor_right = 0.0
anchor_bottom = 0.0
margin_left = 20.0
margin_top = 220.0
margin_right = 200.0
margin_bottom = 550.0
rect_pivot_offset = Vector2( 0, 0 )
rect_clip_content = false
mouse_filter = 0
mouse_default_cursor_shape = 0
size_flags_horizontal = 1
size_flags_vertical = 1

[node name="Button" type="Button" parent="CBuildMenu" index="0"]

anchor_left = 0.0
anchor_top = 0.0
anchor_right = 0.0
anchor_bottom = 0.0
margin_left = 130.0
margin_top = 10.0
margin_right = 172.0
margin_bottom = 30.0
rect_pivot_offset = Vector2( 0, 0 )
rect_clip_content = false
focus_mode = 2
mouse_filter = 0
mouse_default_cursor_shape = 0
size_flags_horizontal = 1
size_flags_vertical = 1
toggle_mode = false
enabled_focus_mode = 2
shortcut = null
group = null
text = "Info"
flat = false
align = 1

[node name="ScrollContainer" type="ScrollContainer" parent="CBuildMenu" index="1"]

editor/display_folded = true
anchor_left = 0.0
anchor_top = 0.0
anchor_right = 0.0
anchor_bottom = 0.0
margin_left = 10.0
margin_top = 40.0
margin_right = 170.0
margin_bottom = 280.0
rect_pivot_offset = Vector2( 0, 0 )
rect_clip_content = true
mouse_filter = 0
mouse_default_cursor_shape = 0
size_flags_horizontal = 1
size_flags_vertical = 1
scroll_horizontal_enabled = true
scroll_horizontal = 0
scroll_vertical_enabled = true
scroll_vertical = 0
scroll_deadzone = 0

[node name="VBoxContainer" type="VBoxContainer" parent="CBuildMenu/ScrollContainer" index="0"]

anchor_left = 0.0
anchor_top = 0.0
anchor_right = 0.0
anchor_bottom = 0.0
margin_right = 160.0
margin_bottom = 212.0
rect_pivot_offset = Vector2( 0, 0 )
rect_clip_content = false
mouse_filter = 1
mouse_default_cursor_shape = 0
size_flags_horizontal = 3
size_flags_vertical = 1
alignment = 0
_sections_unfolded = [ "Size Flags" ]

[node name="BtnNone" type="Button" parent="CBuildMenu/ScrollContainer/VBoxContainer" index="0"]

anchor_left = 0.0
anchor_top = 0.0
anchor_right = 0.0
anchor_bottom = 0.0
margin_right = 160.0
margin_bottom = 20.0
rect_pivot_offset = Vector2( 0, 0 )
rect_clip_content = false
focus_mode = 2
mouse_filter = 0
mouse_default_cursor_shape = 0
size_flags_horizontal = 1
size_flags_vertical = 1
toggle_mode = false
enabled_focus_mode = 2
shortcut = null
group = null
text = "None"
flat = false
align = 1

[node name="BtnFloor2" type="Button" parent="CBuildMenu/ScrollContainer/VBoxContainer" index="1"]

anchor_left = 0.0
anchor_top = 0.0
anchor_right = 0.0
anchor_bottom = 0.0
margin_top = 24.0
margin_right = 160.0
margin_bottom = 44.0
rect_pivot_offset = Vector2( 0, 0 )
rect_clip_content = false
focus_mode = 2
mouse_filter = 0
mouse_default_cursor_shape = 0
size_flags_horizontal = 1
size_flags_vertical = 1
toggle_mode = false
enabled_focus_mode = 2
shortcut = null
group = null
text = "Floor"
flat = false
align = 1

[node name="BtnWall" type="Button" parent="CBuildMenu/ScrollContainer/VBoxContainer" index="2"]

anchor_left = 0.0
anchor_top = 0.0
anchor_right = 0.0
anchor_bottom = 0.0
margin_top = 48.0
margin_right = 160.0
margin_bottom = 68.0
rect_pivot_offset = Vector2( 0, 0 )
rect_clip_content = false
focus_mode = 2
mouse_filter = 0
mouse_default_cursor_shape = 0
size_flags_horizontal = 1
size_flags_vertical = 1
toggle_mode = false
enabled_focus_mode = 2
shortcut = null
group = null
text = "Wall"
flat = false
align = 1

[node name="BtnDoor" type="Button" parent="CBuildMenu/ScrollContainer/VBoxContainer" index="3"]

anchor_left = 0.0
anchor_top = 0.0
anchor_right = 0.0
anchor_bottom = 0.0
margin_top = 72.0
margin_right = 160.0
margin_bottom = 92.0
rect_pivot_offset = Vector2( 0, 0 )
rect_clip_content = false
focus_mode = 2
mouse_filter = 0
mouse_default_cursor_shape = 0
size_flags_horizontal = 1
size_flags_vertical = 1
toggle_mode = false
enabled_focus_mode = 2
shortcut = null
group = null
text = "Door"
flat = false
align = 1

[node name="BtnSpike" type="Button" parent="CBuildMenu/ScrollContainer/VBoxContainer" index="4"]

anchor_left = 0.0
anchor_top = 0.0
anchor_right = 0.0
anchor_bottom = 0.0
margin_top = 96.0
margin_right = 160.0
margin_bottom = 116.0
rect_pivot_offset = Vector2( 0, 0 )
rect_clip_content = false
focus_mode = 2
mouse_filter = 0
mouse_default_cursor_shape = 0
size_flags_horizontal = 1
size_flags_vertical = 1
toggle_mode = false
enabled_focus_mode = 2
shortcut = null
group = null
text = "Spike Trap"
flat = false
align = 1

[node name="BtnArrow" type="Button" parent="CBuildMenu/ScrollContainer/VBoxContainer" index="5"]

anchor_left = 0.0
anchor_top = 0.0
anchor_right = 0.0
anchor_bottom = 0.0
margin_top = 120.0
margin_right = 160.0
margin_bottom = 140.0
rect_pivot_offset = Vector2( 0, 0 )
rect_clip_content = false
focus_mode = 2
mouse_filter = 0
mouse_default_cursor_shape = 0
size_flags_horizontal = 1
size_flags_vertical = 1
toggle_mode = false
enabled_focus_mode = 2
shortcut = null
group = null
text = "Arrow Trap"
flat = false
align = 1

[node name="BtnSummon" type="Button" parent="CBuildMenu/ScrollContainer/VBoxContainer" index="6"]

anchor_left = 0.0
anchor_top = 0.0
anchor_right = 0.0
anchor_bottom = 0.0
margin_top = 144.0
margin_right = 160.0
margin_bottom = 164.0
rect_pivot_offset = Vector2( 0, 0 )
rect_clip_content = false
focus_mode = 2
mouse_filter = 0
mouse_default_cursor_shape = 0
size_flags_horizontal = 1
size_flags_vertical = 1
toggle_mode = false
enabled_focus_mode = 2
shortcut = null
group = null
text = "Summon"
flat = false
align = 1

[node name="BtnSlime" type="Button" parent="CBuildMenu/ScrollContainer/VBoxContainer" index="7"]

anchor_left = 0.0
anchor_top = 0.0
anchor_right = 0.0
anchor_bottom = 0.0
margin_top = 168.0
margin_right = 160.0
margin_bottom = 188.0
rect_pivot_offset = Vector2( 0, 0 )
rect_clip_content = false
focus_mode = 2
mouse_filter = 0
mouse_default_cursor_shape = 0
size_flags_horizontal = 1
size_flags_vertical = 1
toggle_mode = false
enabled_focus_mode = 2
shortcut = null
group = null
text = "Slime"
flat = false
align = 1

[node name="BtnNPC" type="Button" parent="CBuildMenu/ScrollContainer/VBoxContainer" index="8"]

anchor_left = 0.0
anchor_top = 0.0
anchor_right = 0.0
anchor_bottom = 0.0
margin_top = 192.0
margin_right = 160.0
margin_bottom = 212.0
rect_pivot_offset = Vector2( 0, 0 )
rect_clip_content = false
focus_mode = 2
mouse_filter = 0
mouse_default_cursor_shape = 0
size_flags_horizontal = 1
size_flags_vertical = 1
toggle_mode = false
enabled_focus_mode = 2
shortcut = null
group = null
text = "NPC"
flat = false
align = 1

[node name="OBtnSelectBuild" type="OptionButton" parent="CBuildMenu" index="2"]

anchor_left = 0.0
anchor_top = 0.0
anchor_right = 0.0
anchor_bottom = 0.0
margin_left = 10.0
margin_top = 10.0
margin_right = 130.0
margin_bottom = 30.0
rect_pivot_offset = Vector2( 0, 0 )
rect_clip_content = false
focus_mode = 2
mouse_filter = 0
mouse_default_cursor_shape = 0
size_flags_horizontal = 1
size_flags_vertical = 1
toggle_mode = false
action_mode = 0
enabled_focus_mode = 2
shortcut = null
group = null
flat = false
align = 0
items = [  ]
selected = -1

[node name="CBtnSnap" type="CheckButton" parent="CBuildMenu" index="3"]

anchor_left = 0.0
anchor_top = 0.0
anchor_right = 0.0
anchor_bottom = 0.0
margin_left = 70.0
margin_top = 260.0
margin_right = 180.0
margin_bottom = 300.0
rect_pivot_offset = Vector2( 0, 0 )
rect_clip_content = false
focus_mode = 2
mouse_filter = 0
mouse_default_cursor_shape = 0
size_flags_horizontal = 1
size_flags_vertical = 1
toggle_mode = true
pressed = true
enabled_focus_mode = 2
shortcut = null
group = null
text = "Snap"
flat = false
align = 0

[node name="CBCollision" type="CheckBox" parent="CBuildMenu" index="4"]

anchor_left = 0.0
anchor_top = 0.0
anchor_right = 0.0
anchor_bottom = 0.0
margin_left = 10.0
margin_top = 296.0
margin_right = 34.0
margin_bottom = 320.0
rect_pivot_offset = Vector2( 0, 0 )
rect_clip_content = false
focus_mode = 2
mouse_filter = 0
mouse_default_cursor_shape = 0
size_flags_horizontal = 1
size_flags_vertical = 1
toggle_mode = true
enabled_focus_mode = 2
shortcut = null
group = null
text = "Collision"
flat = false
align = 0

[node name="BtnBack" type="Button" parent="." index="1"]

visible = false
anchor_left = 0.0
anchor_top = 0.0
anchor_right = 0.0
anchor_bottom = 0.0
margin_left = 20.0
margin_top = 560.0
margin_right = 105.0
margin_bottom = 580.0
rect_pivot_offset = Vector2( 0, 0 )
rect_clip_content = false
focus_mode = 2
mouse_filter = 0
mouse_default_cursor_shape = 0
size_flags_horizontal = 1
size_flags_vertical = 1
toggle_mode = false
enabled_focus_mode = 2
shortcut = null
group = null
text = "Back"
flat = false
align = 1

[node name="LMouseX" type="Label" parent="." index="2"]

anchor_left = 0.0
anchor_top = 0.0
anchor_right = 0.0
anchor_bottom = 0.0
margin_left = 20.0
margin_top = 180.0
margin_right = 200.0
margin_bottom = 200.0
rect_pivot_offset = Vector2( 0, 0 )
rect_clip_content = false
mouse_filter = 2
mouse_default_cursor_shape = 0
size_flags_horizontal = 1
size_flags_vertical = 4
text = "Mouse Position"
percent_visible = 1.0
lines_skipped = 0
max_lines_visible = -1

[node name="LMouseY" type="Label" parent="." index="3"]

anchor_left = 0.0
anchor_top = 0.0
anchor_right = 0.0
anchor_bottom = 0.0
margin_left = 20.0
margin_top = 210.0
margin_right = 200.0
margin_bottom = 230.0
rect_pivot_offset = Vector2( 0, 0 )
rect_clip_content = false
mouse_filter = 2
mouse_default_cursor_shape = 0
size_flags_horizontal = 1
size_flags_vertical = 4
text = "Mouse Position"
percent_visible = 1.0
lines_skipped = 0
max_lines_visible = -1

[connection signal="mouse_entered" from="CBuildMenu" to="." method="CBuildMenu_mouse_entered"]

[connection signal="mouse_exited" from="CBuildMenu" to="." method="CBuildMenu_mouse_exited"]

[connection signal="pressed" from="CBuildMenu/ScrollContainer/VBoxContainer/BtnNone" to="." method="BtnNone_pressed"]

[connection signal="pressed" from="CBuildMenu/ScrollContainer/VBoxContainer/BtnFloor2" to="." method="btn_floor_pressed"]

[connection signal="pressed" from="CBuildMenu/ScrollContainer/VBoxContainer/BtnWall" to="." method="_on_BtnWall_pressed"]

[connection signal="pressed" from="CBuildMenu/ScrollContainer/VBoxContainer/BtnDoor" to="." method="_on_BtnDoor_pressed"]

[connection signal="pressed" from="CBuildMenu/ScrollContainer/VBoxContainer/BtnSpike" to="." method="_on_BtnSpike_pressed"]

[connection signal="pressed" from="CBuildMenu/ScrollContainer/VBoxContainer/BtnArrow" to="." method="_on_BtnArrow_pressed"]

[connection signal="pressed" from="CBuildMenu/ScrollContainer/VBoxContainer/BtnSummon" to="." method="_on_BtnSummon_pressed"]

[connection signal="pressed" from="CBuildMenu/ScrollContainer/VBoxContainer/BtnSlime" to="." method="_on_BtnSlime_pressed"]

[connection signal="pressed" from="CBuildMenu/ScrollContainer/VBoxContainer/BtnNPC" to="." method="_on_BtnSlime_pressed"]

[connection signal="toggled" from="CBuildMenu/CBtnSnap" to="." method="CBtnSnap_toggled"]


